@article{ma2024,
  author  = "Shuming Ma, Hongyu Wang, Lingxiao Ma",
  title   = "The Era of 1-bit LLMs: All Large Language Models are in 1.58 Bits",
  journal = "arXiv",
  year    = 2024,
  source = {\url{https://arxiv.org/abs/2402.17764}}
}

@article{rastegari2016,
  author  = "Mohammad Rastegari, Vicente Ordonez, Joseph Redmon",
  title   = "XNOR-Net: ImageNet Classification Using Binary Convolutional Neural Networks",
  journal = "arXiv",
  year    = 2016,
  source  = "\url{https://arxiv.org/abs/1603.05279}"
}

@misc{bbp-research-mnist,
  author = "Simon Golbert",
  title = "Boolean Backpropagation Research Repo - MNIST (\url{https://github.com/ababo/bbp-research/blob/main/notebook/mnist.ipynb})",
  year = 2025,
  source  = "\url{https://github.com/ababo/bbp-research/blob/main/notebook/mnist.ipynb}"
}
